<record><leader>00000cas a2200000 a 4500</leader><controlfield tag="001">23032205</controlfield><controlfield tag="007">hd afu---baca</controlfield><controlfield tag="008">910130d18601868iauwr n a     0    0eng d</controlfield><datafield ind1=" " ind2=" " tag="010"><subfield code="a">sn 96080092 </subfield></datafield><datafield ind1=" " ind2=" " tag="040"><subfield code="a">SOI</subfield><subfield code="b">eng</subfield><subfield code="c">SOI</subfield><subfield code="d">NVG</subfield><subfield code="d">OCL</subfield><subfield code="d">OCLCQ</subfield></datafield><datafield ind1=" " ind2=" " tag="042"><subfield code="a">msc</subfield></datafield><datafield ind1=" " ind2=" " tag="043"><subfield code="a">n-us-ia</subfield></datafield><datafield ind1="0" ind2=" " tag="130"><subfield code="a">Council Bluffs bugle (Council Bluffs, Iowa : 1860)</subfield></datafield><datafield ind1="1" ind2="0" tag="245"><subfield code="a">Council Bluffs bugle</subfield><subfield code="h">[microform].</subfield></datafield><datafield ind1="1" ind2=" " tag="246"><subfield code="i">Title in publisher's box:</subfield><subfield code="a">Weekly bugle</subfield></datafield><datafield ind1=" " ind2=" " tag="260"><subfield code="a">Council Bluffs, Iowa :</subfield><subfield code="b">Babbitt &amp; Carpenter,</subfield><subfield code="c">1860-1868.</subfield></datafield><datafield ind1=" " ind2=" " tag="300"><subfield code="a">9 v. :</subfield><subfield code="b">ill. (chiefly advertisements) ;</subfield><subfield code="c">69 cm.</subfield></datafield><datafield ind1=" " ind2=" " tag="310"><subfield code="a">Weekly</subfield></datafield><datafield ind1="0" ind2=" " tag="362"><subfield code="a">Vol. 10, no. 7 (June 6, 1860)-v. 18, no. 8 (July 23, 1868).</subfield></datafield><datafield ind1=" " ind2=" " tag="500"><subfield code="a">"Truth, tho' crushed, shall rise again."</subfield></datafield><datafield ind1=" " ind2=" " tag="515"><subfield code="a">Issues for v. 15, no. &lt;35&gt; (Jan. &lt;25&gt;, 1866)-v. 17, no. 19 (Oct. 3, 1867) called new ser.</subfield></datafield><datafield ind1=" " ind2=" " tag="525"><subfield code="a">Supplements accompany some issues.</subfield></datafield><datafield ind1=" " ind2=" " tag="580"><subfield code="a">Daily ed.: Council Bluffs evening bugle, 1868.</subfield></datafield><datafield ind1=" " ind2=" " tag="533"><subfield code="a">Microfilm.</subfield><subfield code="b">Chicago :</subfield><subfield code="c">Recordak Corp.</subfield><subfield code="e">3 microfilm reels ; 35 mm.</subfield></datafield><datafield ind1=" " ind2=" " tag="752"><subfield code="a">United States</subfield><subfield code="b">Iowa</subfield><subfield code="c">Pottawattamie</subfield><subfield code="d">Council Bluffs.</subfield></datafield><datafield ind1="1" ind2=" " tag="775"><subfield code="t">Council Bluffs evening bugle</subfield><subfield code="w">(DLC)sn 96080095</subfield></datafield><datafield ind1="1" ind2=" " tag="776"><subfield code="c">Original</subfield><subfield code="w">(DLC)sn 82014129</subfield></datafield><datafield ind1="0" ind2="0" tag="780"><subfield code="t">Weekly Council Bluffs bugle</subfield><subfield code="w">(DLC)sn 96080091</subfield><subfield code="w">(OCoLC)23032143</subfield></datafield><datafield ind1="0" ind2="0" tag="785"><subfield code="t">Council Bluffs weekly bugle</subfield><subfield code="w">(DLC)sn 96080093</subfield><subfield code="w">(OCoLC)23032239</subfield></datafield><datafield ind1="1" ind2=" " tag="029"><subfield code="a">AU@</subfield><subfield code="b">000012446552</subfield></datafield></record>